@MISC{Bienia97flows.view-obstructions,
    author = {Wojciech Bienia and Luis Goddyn and Pavol Gvozdjak and Andras Sebö and Michael Tarsi},
    title = {Flows, View-Obstructions and the Lonely Runner},
    year = {1997}
}

@MISC{Serra_thelonely,
    author = {J. Serra},
    title = {The lonely runner problem with seven runners},
    year = {}
}

@article{ANote,
title = "A Note on the Lonely Runner Conjecture",
journal = "Journal of Integer Sequences",
volume = "12",
number = "09.4.6",
pages = "1 - 4",
year = "2009",
author = "Ram Krishna Panday"
}

@article{Barajas2007479,
title = "Regular chromatic number and the lonely runner problem",
journal = "Electronic Notes in Discrete Mathematics",
volume = "29",
number = "",
pages = "479 - 483",
year = "2007",
note = "European Conference on Combinatorics, Graph Theory and Applications, European Conference on Combinatorics, Graph Theory and Applications",
issn = "1571-0653",
doi = "DOI: 10.1016/j.endm.2007.07.085",
url = "http://www.sciencedirect.com/science/article/B75GV-4PCHPN5-2R/2/f05710cc4dda73d4c6298cd8f832a02e",
author = "J. Barajas and O. Serra"
}

@article {springerlink:10.1007/BF01832623,
   author = {Cusick, T. W.},
   affiliation = {State University of New York at Buffalo Buffalo New York USA},
   title = {View-obstruction problems},
   journal = {Aequationes Mathematicae},
   publisher = {Birkhäuser Basel},
   issn = {0001-9054},
   keyword = {Mathematics and Statistics},
   pages = {165-170},
   volume = {9},
   issue = {2},
   url = {http://dx.doi.org/10.1007/BF01832623},
   note = {10.1007/BF01832623},
   year = {1973}
}
